@book{wickham2023r4ds,
  author    = {Hadley Wickham and Mine Ã‡etinkaya-Rundel and Garrett Grolemund},
  title     = {R for Data Science, 2nd Edition},
  year      = {2023},
  publisher = {O'Reilly Media},
  url       = {https://r4ds.hadley.nz}
}

@manual{wickham2019stringr,
  author  = {Hadley Wickham},
  title   = {stringr: Simple, Consistent Wrappers for Common String Operations},
  year    = {2019},
  note    = {R package version 1.5.0}
}

@book{silge2017text,
  author    = {Julia Silge and David Robinson},
  title     = {Text Mining with R: A Tidy Approach},
  year      = {2017},
  publisher = {O'Reilly Media}
}

@article{feinerer2008text,
  author  = {Ingo Feinerer and Kurt Hornik and David Meyer},
  title   = {Text Mining Infrastructure in R},
  journal = {Journal of Statistical Software},
  volume  = {25},
  number  = {5},
  pages   = {1--54},
  year    = {2008},
  doi     = {10.18637/jss.v025.i05}
}

@article{scutari2010bnlearn,
  author  = {Marco Scutari},
  title   = {Learning Bayesian Networks with the bnlearn R Package},
  journal = {Journal of Statistical Software},
  volume  = {35},
  number  = {3},
  pages   = {1--22},
  year    = {2010},
  doi     = {10.18637/jss.v035.i03}
}

@manual{majka2019naivebayes,
  author  = {Marek Majka},
  title   = {naivebayes: High Performance Implementation of the Naive Bayes Algorithm},
  year    = {2019},
  note    = {R package version 0.9.7}
}

@manual{meyer2021e1071,
  author  = {David Meyer and Evgenia Dimitriadou and Kurt Hornik and Andreas Weingessel and Friedrich Leisch},
  title   = {e1071: Misc Functions of the Department of Statistics, Probability Theory Group (Formerly: E1071), TU Wien},
  year    = {2021},
  note    = {R package version 1.7-9}
}

@inproceedings{zhang2004naive,
  author    = {Harry Zhang},
  title     = {The Optimality of Naive Bayes},
  booktitle = {Proceedings of the Seventeenth International Florida Artificial Intelligence Research Society Conference (FLAIRS)},
  pages     = {562--567},
  year      = {2004}
}

@inproceedings{mccallum1998comparison,
  author    = {Andrew McCallum and Kamal Nigam},
  title     = {A Comparison of Event Models for Naive Bayes Text Classification},
  booktitle = {AAAI-98 Workshop on Learning for Text Categorization},
  pages     = {41--48},
  year      = {1998}
}
